

@article{PaperMEMS,
author = {Liu, Xinyu and O'Brien, M. and Mwangi Thuo, Martin and Li, Xiujun and Whitesides, G.M.},
year = {2011},
month = {02},
pages = {133 - 136},
title = {Paper-based piezoresistive MEMS force sensors},
journal = {Proceedings of the IEEE International Conference on Micro Electro Mechanical Systems (MEMS)},
doi = {10.1109/MEMSYS.2011.5734379}
}


@article{DampingMech,
    author = "Abinayaa Dhanaghopal",
    co-author = "Yahriel Salinas-Reyes",
    co-author = "Lawrence D. Little",
    title = "Damping mechanisms in a tip=mass piezoelectric cantilever system",
    journal = "American Institute of Physics (AIP)",
    volume = "Submitted For Publication",
    %number = "11"
    %issue = "13",
    %pages = "167-176"
    year = "2023",
    %DOI = "http://dx.doi.org/10.1002/andp.19053221004",
    %keywords = "physics"
}


@article{Particles1,
author = {Martin, Andrew and Chang, Boyce and Martin, Zachariah and Paramanik, Dipak and Frankiewicz, Christophe and Kundu, Souvik and Tevis, Ian and Mwangi Thuo, Martin},
year = {2019},
month = {10},
pages = {1903687},
title = {Heat‐Free Fabrication of Metallic Interconnects for Flexible/Wearable Devices},
volume = {29},
journal = {Advanced Functional Materials},
doi = {10.1002/adfm.201903687}
}



@article{ReviewofTactileSensors,
author = {Senthil Kumar, Kirthika and Chen, Po-Yen},
year = {2019},
month = {09},
pages = {},
title = {A Review of Printable Flexible and Stretchable Tactile Sensors},
volume = {2019},
journal = {Research},
doi = {10.34133/2019/3018568}
}



@article{D.ParameterModelforPZEBeam,
author = {Inman, Daniel},
year = {2008},
month = {08},
pages = {},
title = {A Distributed Parameter Electromechanical Model for Cantilevered Piezoelectric Energy Harvesters},
volume = {130},
journal = {Journal of Vibration and Acoustics},
doi = {10.1115/1.2890402}
}







@article{Particles2,
author = {Martin, Andrew and Du, Chuanshen and Pauls, Alana M. and Ward III, Thomas and Thuo, Martin},
title = {Polydispersity-Driven Printing of Conformal Solid Metal Traces on Non-Adhering Biological Surfaces},
journal = {Advanced Materials Interfaces},
volume = {7},
number = {22},
pages = {2001294},
keywords = {bio-compatible, electronics, mechanical bonding, soft tissue, universal printing},
doi = {https://doi.org/10.1002/admi.202001294},
url = {https://onlinelibrary.wiley.com/doi/abs/10.1002/admi.202001294},
eprint = {https://onlinelibrary.wiley.com/doi/pdf/10.1002/admi.202001294},
year = {2020}
}



@article{Particles3,
author = {Martin, Andrew and Chang, Boyce S. and Pauls, Alana M. and Du, Chuanshen and Thuo, Martin},
title = {Stabilization of Undercooled Metals via Passivating Oxide Layers},
journal = {Angewandte Chemie International Edition},
volume = {60},
number = {11},
pages = {5928-5935},
keywords = {energy landscape, inductive effect, metastability, phase transformation, stable undercooling},
doi = {https://doi.org/10.1002/anie.202013489},
url = {https://onlinelibrary.wiley.com/doi/abs/10.1002/anie.202013489},
eprint = {https://onlinelibrary.wiley.com/doi/pdf/10.1002/anie.202013489},
year = {2021}
}




@article{Particles4,
author ="Chang, Boyce S. and Tutika, Ravi and Cutinho, Joel and Oyola-Reynoso, Stephanie and Chen, Jiahao and Bartlett, Michael D. and Thuo, Martin M.",
title  ="Mechanically triggered composite stiffness tuning through thermodynamic relaxation (ST3R)",
journal  ="Mater. Horiz.",
year  ="2018",
volume  ="5",
issue  ="3",
pages  ="416-422",
publisher  ="The Royal Society of Chemistry",
doi  ="10.1039/C8MH00032H",
url  ="http://dx.doi.org/10.1039/C8MH00032H",
}



@article{Odd-EvenSAMS,
author = {Baghbanzadeh, Mostafa and Simeone, Felice C. and Bowers, Carleen M. and Liao, Kung-Ching and Thuo, Martin and Baghbanzadeh, Mahdi and Miller, Michael S. and Carmichael, Tricia Breen and Whitesides, George M.},
title = {Odd–Even Effects in Charge Transport across n-Alkanethiolate-Based SAMs},
journal = {Journal of the American Chemical Society},
volume = {136},
number = {48},
pages = {16919-16925},
year = {2014},
doi = {10.1021/ja509436k},
    note ={PMID: 25380500},

URL = { 
        https://doi.org/10.1021/ja509436k
    
},
eprint = { 
        https://doi.org/10.1021/ja509436k
    
}

}



@article{Particles5,
author = {Martin, Andrew and Du, Chuanshen and Chang, Boyce and Thuo, Martin},
title = {Complexity and Opportunities in Liquid Metal Surface Oxides},
journal = {Chemistry of Materials},
volume = {32},
number = {21},
pages = {9045-9055},
year = {2020},
doi = {10.1021/acs.chemmater.0c02047},

URL = { 
        https://doi.org/10.1021/acs.chemmater.0c02047
    
},
eprint = { 
        https://doi.org/10.1021/acs.chemmater.0c02047
    
}

}



@article{Particles6,
author = {Chang, Boyce and Martin, Andrew and Gregory, Paul and Kundu, Souvik and Du, Chuanshen and Orondo, Millicent and Mwangi Thuo, Martin},
year = {2018},
month = {04},
pages = {1-13},
title = {Functional Materials through Surfaces and Interfaces},
volume = {3},
journal = {MRS Advances},
doi = {10.1557/adv.2018.399}
}

@article{Particles7,
author = {Chang, Julia J. and Martin, Andrew and Du, Chuanshen and Pauls, Alana M. and Thuo, Martin},
title = {Heat-Free Biomimetic Metal Molding on Soft Substrates},
journal = {Angewandte Chemie International Edition},
volume = {59},
number = {38},
pages = {16346-16351},
keywords = {biomimetics, heat-free, self-filtration, soft lithography, ultra-hydrophobic},
doi = {https://doi.org/10.1002/anie.202008621},
url = {https://onlinelibrary.wiley.com/doi/abs/10.1002/anie.202008621},
eprint = {https://onlinelibrary.wiley.com/doi/pdf/10.1002/anie.202008621},
year = {2020}
}


@article{MicrofluidicChannels/Particles,
author = {Chang, Boyce
S. and Fratzl, Mario and Boyer, Andrea and Martin, Andrew and Ahrenholtz, Henry C. and De Moraes, Isabelle and Bloch, Jean-Francis and Dempsey, Nora M. and Thuo, Martin M.},
title = {Rapid Prototyping of Reconfigurable Microfluidic Channels in Undercooled Metal Particle-Elastomer Composites},
journal = {Industrial \& Engineering Chemistry Research},
volume = {58},
number = {10},
pages = {4137-4142},
year = {2019},
doi = {10.1021/acs.iecr.8b06441},

URL = { 
        https://doi.org/10.1021/acs.iecr.8b06441
    
},
eprint = { 
        https://doi.org/10.1021/acs.iecr.8b06441
    
}

}








@article{MachineLearning1,
author = {Wei, Lingfei and Xu, Xiaojie and Dayal, Guru and Bullock, James and Ager, Joel},
year = {2019},
month = {08},
pages = {},
title = {Machine Learning Optimization of P-Type Transparent Conducting Films},
volume = {31},
journal = {Chem. Mater.},
doi = {10.1021/acs.chemmater.9b01953}
}


@article{MachineLearning2,
author = {Cao, Bing and Adutwum, Lawrence A. and Oliynyk, Anton O. and Luber, Erik J. and Olsen, Brian C. and Mar, Arthur and Buriak, Jillian M.},
title = {How To Optimize Materials and Devices via Design of Experiments and Machine Learning: Demonstration Using Organic Photovoltaics},
journal = {ACS Nano},
volume = {12},
number = {8},
pages = {7434-7444},
year = {2018},
doi = {10.1021/acsnano.8b04726},
    note ={PMID: 30027732},

URL = { 
        https://doi.org/10.1021/acsnano.8b04726
    
},
eprint = { 
        https://doi.org/10.1021/acsnano.8b04726
    
}

}


